@inproceedings{Pennington,
author = {Pennington, Jeffrey and Socher, Richard and Manning, Christopher D.},
booktitle = {EMNLP 2014 - 2014 Conference on Empirical Methods in Natural Language Processing, Proceedings of the Conference},
doi = {10.3115/v1/d14-1162},
isbn = {9781937284961},
pages = {1532--1543},
publisher = {Association for Computational Linguistics (ACL)},
title = {{GloVe: Global vectors for word representation}},
url = {http://nlp.},
year = {2014}
}
@inproceedings{Mikolov:1,
archivePrefix = {arXiv},
arxivId = {1301.3781},
author = {Mikolov, Tomas and Chen, Kai and Corrado, Greg and Dean, Jeffrey},
booktitle = {1st International Conference on Learning Representations, ICLR 2013 - Workshop Track Proceedings},
eprint = {1301.3781},
file = {:home/dl2718/.local/share/data/Mendeley Ltd./Mendeley Desktop/Downloaded/Mikolov et al. - 2013 - Efficient estimation of word representations in vector space.pdf:pdf},
month = {jan},
publisher = {International Conference on Learning Representations, ICLR},
title = {{Efficient estimation of word representations in vector space}},
url = {http://ronan.collobert.com/senna/},
year = {2013}
}
@article{Mikolov:2,
archivePrefix = {arXiv},
arxivId = {1310.4546},
author = {Mikolov, Tomas and Sutskever, Ilya and Chen, Kai and Corrado, Greg and Dean, Jeffrey},
eprint = {1310.4546},
file = {:home/dl2718/.local/share/data/Mendeley Ltd./Mendeley Desktop/Downloaded/Mikolov et al. - 2013 - Distributed Representations of Words and Phrases and their Compositionality.pdf:pdf},
issn = {10495258},
journal = {Advances in Neural Information Processing Systems},
month = {oct},
publisher = {Neural information processing systems foundation},
title = {{Distributed representations of words and phrases and their compositionality}},
url = {http://arxiv.org/abs/1310.4546},
year = {2013}
}
@inproceedings{Zhou,
author = {Zhou, Hao and Zhang, Yue and Huang, Shujian and Chen, Jiajun},
booktitle = {ACL-IJCNLP 2015 - 53rd Annual Meeting of the Association for Computational Linguistics and the 7th International Joint Conference on Natural Language Processing of the Asian Federation of Natural Language Processing, Proceedings of the Conference},
doi = {10.3115/v1/p15-1117},
file = {:home/dl2718/.local/share/data/Mendeley Ltd./Mendeley Desktop/Downloaded/Zhou et al. - 2015 - A neural probabilistic structured-prediction model for transition-based dependency parsing.pdf:pdf},
isbn = {9781941643723},
pages = {1213--1222},
publisher = {Association for Computational Linguistics (ACL)},
title = {{A neural probabilistic structured-prediction model for transition-based dependency parsing}},
url = {https://www.aclweb.org/anthology/P15-1117},
volume = {1},
year = {2015}
}
@techreport{Bengio,
author = {Bengio, Yoshua and Ducharme, R{\'{e}}jean and Vincent, Pascal},
booktitle = {Advances in Neural Information Processing 1. Bengio Y., Ducharme R., Vincent P. A neural probabilistic language model. (3)2001. 1137–1155 c. ISBN:0262122413.Systems},
file = {:home/dl2718/.local/share/data/Mendeley Ltd./Mendeley Desktop/Downloaded/Bengio et al. - 2003 - A Neural Probabilistic Language Model.pdf:pdf},
isbn = {0262122413},
issn = {10495258},
keywords = {Statistical language modeling,artificial neural networks,curse of dimensionality,distributed representation},
pages = {1137--1155},
title = {{A neural probabilistic language model}},
volume = {3},
year = {2001}
}
@misc{LenaVoita,
author = {{Lena Voita}},
title = {{Word Embeddings}},
url = {https://lena-voita.github.io/nlp_course/word_embeddings.html},
urldate = {2021-05-18}
}
@article{Ekman2011,
author = {Ekman, Paul and Cordaro, Daniel},
doi = {10.1177/1754073911410740},
file = {:home/dl2718/dl2718/dataScienceLit/articles/emotions/3+. ekman2011.pdf:pdf},
issn = {17540739},
journal = {Emotion Review},
keywords = {affect program,autonomic nervous system,basic emotion,universal emotion},
number = {4},
pages = {364--370},
title = {{What is meant by calling emotions basic}},
volume = {3},
year = {2011}
}
@article{EkmanRus,
author = {Харлова, М Л},
file = {:home/dl2718/dl2718/dataScienceLit/articles/emotions/4+. эмоции невежливой и грубой коммункации.pdf:pdf},
issn = {2312-9212},
journal = {Russian Journal of Linguistics},
keywords = {P1-1091,Philology. Linguistics,basic emotions,communicative culture,impoliteness,negative emotions,rudeness,базовые эмоции,грубость,коммуникативная культура,невежливость,негативные эмоции},
number = {3},
pages = {84--98},
title = {{Emotions in Impolite and Rude Communication}},
volume = {0},
year = {2015}
}
@book{Ekman2004,
author = {Ekman, Paul},
booktitle = {Bmj},
doi = {10.1136/sbmj.0405184},
file = {:home/dl2718/dl2718/dataScienceLit/articles/emotions/5+. emotions-revealed-by-paul-ekman1.pdf:pdf},
isbn = {0805072756},
issn = {1756-1833},
number = {Suppl S5},
pages = {0405184},
title = {{Emotions revealed}},
volume = {328},
year = {2004}
}
@incollection{Plutchik,
author = {PLUTCHIK, ROBERT},
booktitle = {Theories of Emotion},
doi = {10.1016/b978-0-12-558701-3.50007-7},
pages = {3--33},
publisher = {Elsevier},
title = {{a General Psychoevolutionary Theory of Emotion}},
year = {1980}
}
@misc{elmoru,
title = {{BERT, ELMO и Ко в картинках (как в NLP пришло трансферное обучение) / Хабр}},
url = {https://habr.com/ru/post/487358/},
urldate = {2021-05-30}
}
@misc{elmoen,
title = {{Generalized Language Models: CoVe, ELMo \& Cross-View Training}},
url = {https://www.topbots.com/generalized-language-models-cove-elmo/},
urldate = {2021-05-30}
}
@misc{elmopic,
author = {Olah, Christopher},
title = {{Neural Networks, Types, and Functional Programming}},
url = {https://research.google/pubs/pub45504/},
year = {2015}
}
@techreport{Goldberg,
archivePrefix = {arXiv},
arxivId = {1402.3722},
author = {Goldberg, Yoav and Levy, Omer},
eprint = {1402.3722},
file = {:home/dl2718/.local/share/data/Mendeley Ltd./Mendeley Desktop/Downloaded/Goldberg et al. - 2014 - ().pdf:pdf},
keywords = {()},
title = {{word2vec Explained: deriving Mikolov et al.'s negative-sampling word-embedding method}},
url = {http://arxiv.org/abs/1402.3722},
year = {2014}
}
@book{Nikolenko,
author = {Николенко, Сергей Игоревич and Кадурин, А.А. and Архангельская, E.О.},
booktitle = {Библиотека Программиста},
file = {:home/dl2718/dl2718/dataScienceLit/textbooks/8. Глубокое обучение. Погружение в мир нейронных сетей.pdf:pdf},
isbn = {9785496025362},
pages = {480},
title = {{Глубокое Обучение. Погружение В Мир Нейронных Сетей}},
volume = {91},
year = {2018}
}
@article{Semina,
author = {Semina, T. A.},
file = {:home/dl2718/dl2718/dataScienceLit/0-essay/1. Semina.pdf:pdf},
journal = {Социальные и гуманитарные науки. Отечественная и зарубежная литература. Серия 6: Языкознание. Реферативный журнал},
pages = {47--64},
title = {{Sentiment analysis: Modern approaches and existing problems.}},
year = {2020}
}
